%  Bibliography file for GeoHash Partitioner Thesis - Hariharan Gandhi
%  

%  --------------------------- PROCEEDINGS --------------------------- 
% 

@inproceedings{sparkmainpaper,
	author = {Zaharia, Matei and Chowdhury, Mosharaf and Franklin, Michael J. and Shenker, Scott and Stoica, Ion},
	title = {Spark: Cluster Computing with Working Sets},
	booktitle = {Proceedings of the 2Nd USENIX Conference on Hot Topics in Cloud Computing},
	series = {HotCloud'10},
	year = {2010},
	location = {Boston, MA},
	pages = {10--10},
	numpages = {1},
	url = {http://dl.acm.org/citation.cfm?id=1863103.1863113},
	acmid = {1863113},
	publisher = {USENIX Association},
	address = {Berkeley, CA, USA},
} 

@inproceedings {RDDmainpaper,
	author = {Matei Zaharia and Mosharaf Chowdhury and Tathagata Das and Ankur Dave and Justin Ma and Murphy McCauly and Michael J. Franklin and Scott Shenker and Ion Stoica},
	title = {Resilient Distributed Datasets: A Fault-Tolerant Abstraction for In-Memory Cluster Computing},
	booktitle = {Presented as part of the 9th USENIX Symposium on Networked Systems Design and Implementation (NSDI 12)},
	year = {2012},
	isbn = {978-931971-92-8},
	address = {San Jose, CA},
	pages = {15--28},
	url = {https://www.usenix.org/conference/nsdi12/technical-sessions/presentation/zaharia},
	publisher = {USENIX},
}

@inproceedings{pyro,
	author = {{Shen Li, Shaohan Hu, Raghu Ganti, Mudhakar Srivatsa, Tarek Abdelzaher}},
	title = {Pyro: A Spatial-temporal Big-data Storage System},
	booktitle = {Proceedings of the 2015 USENIX Conference on Usenix Annual Technical Conference},
	series = {USENIX ATC '15},
	year = {2015},
	isbn = {978-1-931971-225},
	location = {Santa Clara, CA},
	pages = {97--109},
	numpages = {13},
	url = {http://dl.acm.org/citation.cfm?id=2813767.2813775},
	acmid = {2813775},
	publisher = {USENIX Association},
	address = {Berkeley, CA, USA},
} 

@inproceedings{raghuGIS2,
	author = {Lee, Kisung and Ganti, Raghu K. and Srivatsa, Mudhakar and Liu, Ling},
	title = {Efficient Spatial Query Processing for Big Data},
	booktitle = {Proceedings of the 22Nd ACM SIGSPATIAL International Conference on Advances in Geographic Information Systems},
	series = {SIGSPATIAL '14},
	year = {2014},
	isbn = {978-1-4503-3131-9},
	location = {Dallas, Texas},
	pages = {469--472},
	numpages = {4},
	url = {http://doi.acm.org/10.1145/2666310.2666481},
	doi = {10.1145/2666310.2666481},
	acmid = {2666481},
	publisher = {ACM},
	address = {New York, NY, USA},
	keywords = {big data, spatial indexing, spatial query},
} 

@inproceedings{geospark,
	author = {{Jia Yu, Jinxuan Wu, Mohamed Sarwat}},
	title = {GeoSpark: A Cluster Computing Framework for Processing Large-scale Spatial Data},
	booktitle = {Proceedings of the 23rd SIGSPATIAL International Conference on Advances in Geographic Information Systems},
	series = {GIS '15},
	year = {2015},
	isbn = {978-1-4503-3967-4},
	location = {Bellevue, Washington},
	pages = {70:1--70:4},
	articleno = {70},
	numpages = {4},
	url = {http://doi.acm.org/10.1145/2820783.2820860},
	doi = {10.1145/2820783.2820860},
	acmid = {2820860},
	publisher = {ACM},
	address = {New York, NY, USA},
	keywords = {cluster computing, large-scale data, spatial data},
} 

@inproceedings{spatialhadoop,
	author    = {{Ahmed Eldawy, Mohamed F. Mokbel}},
	title     = {{SpatialHadoop: {A} MapReduce Framework for Spatial Data}},
	booktitle = {31st {IEEE} International Conference on Data Engineering, {ICDE} 2015, Seoul, South Korea, April 13-17, 2015},
	pages     = {1352--1363},
	year      = {2015},
	crossref  = {DBLP:conf/icde/2015},
	url       = {http://dx.doi.org/10.1109/ICDE.2015.7113382},
	doi       = {10.1109/ICDE.2015.7113382},
	timestamp = {Tue, 09 Jun 2015 07:58:12 +0200},
	biburl    = {http://dblp.uni-trier.de/rec/bib/conf/icde/EldawyM15},
	bibsource = {dblp computer science bibliography, http://dblp.org}
}

@inproceedings{Lee:2014:ESQ:2666310.2666481,
	author = {Lee, Kisung and Ganti, Raghu K. and Srivatsa, Mudhakar and Liu, Ling},
	title = {Efficient Spatial Query Processing for Big Data},
	booktitle = {Proceedings of the 22Nd ACM SIGSPATIAL International Conference on Advances in Geographic Information Systems},
	series = {SIGSPATIAL '14},
	year = {2014},
	isbn = {978-1-4503-3131-9},
	location = {Dallas, Texas},
	pages = {469--472},
	numpages = {4},
	url = {http://doi.acm.org/10.1145/2666310.2666481},
	doi = {10.1145/2666310.2666481},
	acmid = {2666481},
	publisher = {ACM},
	address = {New York, NY, USA},
	keywords = {big data, spatial indexing, spatial query},
}

@INPROCEEDINGS{6691586, 
	author={{A. Fox and C. Eichelberger and J. Hughes and S. Lyon}}, 
	booktitle={Big Data, 2013 IEEE International Conference on}, 
	title={Spatio-temporal indexing in non-relational distributed databases}, 
	year={2013}, 
	pages={291-299}, 
	keywords={database indexing;distributed databases;query processing;Accumulo;Big Data;NoSQL database;database horizontal scalability;location data;nonrelational distributed databases;performant query;query philosophies;spatio-temporal data;spatio-temporal indexing;transformation semantics;Distributed databases;Geometry;Indexing;Probes;Spatial databases;big data;column family database;geohash;nosql;spatio-temporal}, 
	doi={10.1109/BigData.2013.6691586}, 
	month={Oct},}

@inproceedings{Lawder:2000:USC:646102.681186,
	author = {{Lawder, Jonathan K. and King, Peter J. H.}},
	title = {Using Space-Filling Curves for Multi-dimensional Indexing},
	booktitle = {Proceedings of the 17th British National Conferenc on Databases: Advances in Databases},
	series = {BNCOD 17},
	year = {2000},
	isbn = {3-540-67743-7},
	pages = {20--35},
	numpages = {16},
	url = {http://dl.acm.org/citation.cfm?id=646102.681186},
	acmid = {681186},
	publisher = {Springer-Verlag},
	address = {London, UK, UK},
} 

@inproceedings{DBLP:conf/pods/XuT12,
	author    = {{Pan Xu and Srikanta Tirthapura}},
	title     = {On the optimality of clustering properties of space filling curves},
	booktitle = {Proceedings of the 31st {ACM} {SIGMOD-SIGACT-SIGART} Symposium on
	Principles of Database Systems, {PODS} 2012, Scottsdale, AZ, USA,
	May 20-24, 2012},
	pages     = {215--224},
	year      = {2012},
	crossref  = {DBLP:conf/pods/2012},
	url       = {http://doi.acm.org/10.1145/2213556.2213587},
	doi       = {10.1145/2213556.2213587},
	timestamp = {Wed, 20 Jun 2012 11:27:02 +0200},
	biburl    = {http://dblp.uni-trier.de/rec/bib/conf/pods/XuT12},
	bibsource = {dblp computer science bibliography, http://dblp.org}
}

@phdthesis{siminthesis,
	author       = {Simin You}, 
	title        = {Large-Scale Spatial Data Management on Modern Parallel and Distributed Platforms},
	school       = {Graduate Center, City University of New York},
	year         = 2016,
	month        = 1,
	note         = {An optional note}
}

@PHDTHESIS {kevinSFCthesis,
	author  = {{"Kevin Buchin"}},
	title   = {{"Organizing Point Sets: Space-Filling Curves, Delaunay Tessellations of Random Point Sets, and Flow Complexes"}},
	school  = {"Fachbereich Mathematik und Informatik der Freien Universit\"at Berlin"},
	year    = {"2007"},
	address = {"Institut f\"ur Informatik Freie Universit\"at Berlin Takustra√üe 9 14195 Berlin buchin@inf.fu-berlin.de"}
}


%  --------------------------- BOOKS --------------------------- 
% 

@book{HandbookofMathematics,
	author    = {{I.N. Bronshtein ,  K.A. Semendyayev, Gerhard Musiol, Heiner M\"uhlig}},
	title     = "Handbook of Mathematics",
	publisher = "Springer-Verlag Berlin Heidelberg",
	year      = "2015",
	edition   = "sixth",
	note      = "eBook ISBN: 978-3-662-46221-8"
}

@book{sparkbook,
	title={Learning Spark: Lightning-Fast Big Data Analysis},
	author={{Holden Karau, Andy Konwinski, Patrick Wendell, Matei Zaharia}},
	year={2015},
	publisher={" O'Reilly Media, Inc."}
	address   = {https://library.oreilly.com/book/0636920028512/learning-spark/toc},
	ISBN      = {'9781449359034'}
}

@Inbook{Balkic2012,
	author="Balki{\'{c}}, Zoran
	and {\v{S}}o{\v{s}}tari{\'{c}}, Damir
	and Horvat, Goran",
	editor="Jezic, Gordan
	and Kusek, Mario
	and Nguyen, Ngoc-Thanh
	and Howlett, Robert J.
	and Jain, Lakhmi C.",
	chapter="GeoHash and UUID Identifier for Multi-Agent Systems",
	title="Agent and Multi-Agent Systems. Technologies and Applications: 6th KES International Conference, KES-AMSTA 2012,Dubrovnik, Croatia, June 25-27, 2012. Proceedings",
	year="2012",
	publisher="Springer Berlin Heidelberg",
	address="Berlin, Heidelberg",
	pages="290--298",
	isbn="978-3-642-30947-2",
	doi="10.1007/978-3-642-30947-2_33",
	url="http://dx.doi.org/10.1007/978-3-642-30947-2_33"
}

@Inbook{Asano1995,
	author="Asano, Tetsuo
	and Ranjan, Desh
	and Roos, Thomas
	and Welzl, Emo
	and Widmayer, Peter",
	editor="Baeza-Yates, Ricardo
	and Goles, Eric
	and Poblete, Patricio V.",
	title="Space filling curves and their use in the design of geometric data structures",
	bookTitle="LATIN '95: Theoretical Informatics: Second Latin American Symposium Valpara{\'i}so, Chile, April 3--7, 1995 Proceedings",
	year="1995",
	publisher="Springer Berlin Heidelberg",
	address="Berlin, Heidelberg",
	pages="36--48",
	isbn="978-3-540-49220-7",
	doi="10.1007/3-540-59175-3_79",
	url="http://dx.doi.org/10.1007/3-540-59175-3_79"
}




%  --------------------------- SPARK APIs --------------------------- 
% 

@misc{sparkHomePage,
	title = {{Apache Spark}},
	howpublished = {\url{http://spark.apache.org/}},
	note = {Accessed: 2016-05-30}
}

@misc{sparkapiPairRDD,
	title = {{JavaPairRDD: Apache Spark - org.apache.spark.api.java}},
	howpublished = {\url{http://spark.apache.org/docs/latest/api/scala/index.html#org.apache.spark.api.java.JavaPairRDD}},
	note = {Accessed: 2016-05-30}
}

@misc{sparkPairRDDFunctions,
	title = {{PairRDDFunctions: Apache Spark - org.apache.spark.rdd.PairRDDFunctions}},
	howpublished = {\url{http://spark.apache.org/docs/latest/api/scala/index.html#org.apache.spark.rdd.PairRDDFunctions}},
	note = {Accessed: 2016-05-30}
}

@misc{sparkKV,
	title = {{Working with Key-Value Pairs: Apache Spark Programming Guide}},
	howpublished = {\url{http://spark.apache.org/docs/latest/programming-guide.html#working-with-key-value-pairs}},
	note = {Accessed: 2016-05-30}
}


@misc{sparkapiPartitionPruning,
	title = {{PartitionPruningRDD: Apache Spark}},
	howpublished = {\url{https://spark.apache.org/docs/latest/api/java/org/apache/spark/rdd/PartitionPruningRDD.html}},
	note = {Accessed: 2016-05-30}
}

@misc{sparkapiPartitioner,
	title = {{Partitioner: Apache Spark- org.apache.spark.Partitioner}},
	howpublished = {\url{http://spark.apache.org/docs/latest/api/scala/index.html#org.apache.spark.Partitioner}},
	note = {Accessed: 2016-05-30}
}

@misc{sparkconfiguration,
	title = {{Configuration - Spark 1.6.1 Documentation}},
	howpublished = {\url{http://spark.apache.org/docs/latest/configuration.html#scheduling}},
	note = {Accessed: 2016-05-30}
}

@misc{sparkcluster,
	title = {{Cluster Mode Overview - Spark 1.6.1 Documentation}},
	howpublished = {\url{http://spark.apache.org/docs/latest/cluster-overview.html}},
	note = {Accessed: 2016-05-30}
}

@misc{GSMA_REPORT_2016,
	author       = {GSMA},
	title        = {GSMA: The Mobile Economy 2016},
	howpublished = {\url{http://www.gsmamobileeconomy.com/}},
	year         = {2016},
	timestamp    = {2016-06-20},
	url          = {http://www.gsmamobileeconomy.com/},
	note = {Accessed: 2016-05-30}
}

@misc{GSMA_REPORT_2016,
	author       = {{Sanjay Ghemawat, Howard Gobioff, and Shun-Tak Leung}},
	title        = {The Google File System},
	howpublished = {\url{http://research.google.com/archive/gfs.html}},
	year         = {2016},
	timestamp    = {2016-06-20},
	url          = {http://research.google.com/archive/gfs.html},
	note = {Accessed: 2016-05-30}
}

@misc{apachesolr,
	author       = {{Created by Cassandra Targett, last modified by David Smiley on May 18, 2016}},
	title        = {Spatial Search - Apache Solr},
	howpublished = {\url{https://cwiki.apache.org/confluence/display/solr/Spatial+Search}},
	year         = {2016},
	timestamp    = {2016-06-20},
	url          = {https://cwiki.apache.org/confluence/display/solr/Spatial+Search},
	note = {Accessed: 2016-05-30}
}


@misc{MongoDB,
	author       = {{}},
	title        = {MongoDB: Calculation of Geohash Values for 2d Indexes},
	howpublished = {\url{https://docs.mongodb.com/manual/core/geospatial-indexes/#geospatial-indexes-geohash}},
	year         = {2016},
	timestamp    = {2016-06-20},
	url          = {https://docs.mongodb.com/manual/core/geospatial-indexes/#geospatial-indexes-geohash},
	note = {Accessed: 2016-05-30}
}

@misc{oraclespatial,
	author       = {{}},
	title        = {Oracle Spatial and Graph},
	howpublished = {\url{http://www.oracle.com/technetwork/database/options/spatialandgraph/overview/index.html}},
	year         = {2016},
	timestamp    = {2016-06-20},
	url          = {http://www.oracle.com/technetwork/database/options/spatialandgraph/overview/index.html},
	note = {Accessed: 2016-05-30}
}


@misc{Geohash,
	author       = {{}},
	title        = {Geohash: Tips and Tricks},
	howpublished = {\url{http://geohash.org/site/tips.html}},
	year         = {2016},
	timestamp    = {2016-06-20},
	url          = {http://geohash.org/site/tips.html},
	note = {Accessed: 2016-05-30}
}



@misc{elastic_geohash,
	author       = {{}},
	title        = {Elastic: GeoHash grid Aggregation},
	howpublished = {\url{https://www.elastic.co/guide/en/elasticsearch/reference/current/search-aggregations-bucket-geohashgrid-aggregation.html
	}},
	year         = {2016},
	timestamp    = {2016-06-20},
	url          = {https://www.elastic.co/guide/en/elasticsearch/reference/current/search-aggregations-bucket-geohashgrid-aggregation.html
	},
	note = {Accessed: 2016-05-30}
}



@misc{MtEverest,
	author       = {{}},
	title        = {GeoHack - Mount Everest},
	howpublished = {\url{https://tools.wmflabs.org/geohack/geohack.php?pagename=Mount_Everest&params=27_59_17_N_86_55_31_E_type:mountain_scale:100000_
	}},
	year         = {2016},
	timestamp    = {2016-06-20},
	url          = {https://tools.wmflabs.org/geohack/geohack.php?pagename=Mount_Everest&params=27_59_17_N_86_55_31_E_type:mountain_scale:100000_
	},
	note = {Accessed: 2016-05-30}
}

@misc{spatialdatatypes,
	author       = {{Microsoft}},
	title        = {Spatial Data Types Overview},
	howpublished = {\url{https://msdn.microsoft.com/en-us/library/bb964711.aspx}},
	year         = {2016},
	timestamp    = {2016-06-20},
	url          = {https://msdn.microsoft.com/en-us/library/bb964711.aspx},
	note = {Accessed: 2016-05-30, Updated: June 2, 2016}
}

@misc{nyctaxidata,
	author       = {{NYC Taxi \& Limousine Commission}},
	title        = {Spatial Data: TLC Trip Record Data},
	howpublished = {\url{http://www.nyc.gov/html/tlc/html/about/trip_record_data.shtml}},
	year         = {2016},
	timestamp    = {2016-06-20},
	url          = {http://www.nyc.gov/html/tlc/html/about/trip_record_data.shtml},
	note = {Accessed: 2016-05-30, CSV format}
}

%  --------------------------- WIKIPEDIA CONTENTS --------------------------- 
% 

@article {wiki:Haversine_formula_1 ,
author = {{R.W. Sinnott}},
title = {Virtues of the Haversine},
journal = {Sky and Telescope},
volume = {68},
number = {2},
pages = {159},
keywords = {history and philosophy of astronomy},
year = {1984},
}

@misc{ wiki:Haversine_formula,
	author = "Wikipedia",
	title = "{Haversine formula} --- {W}ikipedia{,} The Free Encyclopedia",
	year = "2016",
	howpublished = {\url{https://en.wikipedia.org/wiki/Haversine_formula}},
	note = "Accessed 30-May-2016"
}


@article {wiki:Vincenty's_formulae_1 ,
author = {{Karney, C.F.F. and Deakin, R.E.}},
title = {F.W. Bessel (1825): The calculation of longitude and latitude from geodesic measurements},
journal = {Astronomische Nachrichten},
volume = {331},
number = {8},
publisher = {WILEY-VCH Verlag},
issn = {1521-3994},
url = {http://dx.doi.org/10.1002/asna.201011352},
doi = {10.1002/asna.201011352},
pages = {852--861},
keywords = {history and philosophy of astronomy},
year = {2010},
}

@misc{ wiki:Vincenty's_formulae,
	author = "Wikipedia",
	title = "{Vincenty's formulae} --- {W}ikipedia{,} The Free Encyclopedia",
	year = "2016",
	howpublished = {\url{http://en.wikipedia.org/w/index.php?title=Vincenty's%20formulae&oldid=717944025}},
	note = "Accessed 30-May-2016"
}

@misc{wiki:HDFS,
	author       = {{The Apache Software Foundation}},
	title        = {HDFS Architecture Guide},
	howpublished = {\url{https://hadoop.apache.org/docs/r1.2.1/hdfs_design.html}},
	year         = {2013},
	timestamp    = {2013-04-08 10:13:21},
	url          = {https://hadoop.apache.org/docs/r1.2.1/hdfs_design.html},
	note = {Copyright ¬© 2008 The Apache Software Foundation. Accessed: 2016-05-30, Last Published: 08/04/2013 10:13:21}
}

@misc{ wiki:geohash,
	author = "Wikipedia",
	title = "{Geohash} --- {W}ikipedia{,} The Free Encyclopedia",
	year = "2016",
	howpublished = {\url{https://en.wikipedia.org/wiki/Geohash}},
	note = "Accessed 30-May-2016"
}

@inproceedings{wiki:Zcurves_1,
 author = {{Ramsak, Frank and Markl, Volker and Fenk, Robert and Zirkel, Martin and Elhardt, Klaus and Bayer, Rudolf}},
 title = {Integrating the UB-Tree into a Database System Kernel},
 booktitle = {Proceedings of the 26th International Conference on Very Large Data Bases},
 series = {VLDB '00},
 year = {2000},
 isbn = {1-55860-715-3},
 pages = {263--272},
 numpages = {10},
 url = {http://dl.acm.org/citation.cfm?id=645926.671872},
 acmid = {671872},
 publisher = {Morgan Kaufmann Publishers Inc.},
 address = {San Francisco, CA, USA},
} 

@misc{wiki:Zcurves,
	author = "Wikipedia",
	title = "{Z order curves} --- {W}ikipedia{,} The Free Encyclopedia",
	year = "2016",
	howpublished = {\url{https://en.wikipedia.org/wiki/Z-order_curve}},
	note = "Accessed 30-May-2016"
}

@article{wiki:Moorecurve_1,
author = {{Rose, N.J.}},
title = {Hilbert-Type Space-Filling Curves},
year = {2010},
URL = {http://www4.ncsu.edu/~njrose/pdfFiles/HilbertCurve.pdf},
note = {http://www4.ncsu.edu/~njrose/pdfFiles/HilbertCurve.pdf}
}

@misc{ wiki:Moorecurve,
	author = "Wikipedia",
	title = "{Moore curves} --- {W}ikipedia{,} The Free Encyclopedia",
	year = "2016",
	howpublished = {\url{https://en.wikipedia.org/wiki/Moore_curve}},
	note = "Accessed 30-May-2016"
}

@ARTICLE{wiki:hilbertcurve_1, 
author={{B. Moon and H. V. Jagadish and C. Faloutsos and J. H. Saltz}}, 
journal={IEEE Transactions on Knowledge and Data Engineering}, 
title={Analysis of the clustering properties of the Hilbert space-filling curve}, 
year={2001}, 
volume={13}, 
number={1}, 
pages={124-141}, 
keywords={computational geometry;database theory;query processing;temporal databases;visual databases;Hilbert space-filling curve;closed-form formulas;clustering;disk access behavior;fractals;hypersurface area;image compression;multidimensional space linear mapping;query region;range queries;spatio-temporal databases;total access time;z curve;Fractals;Geographic Information Systems;Helium;Hilbert space;Image coding;Image databases;Moon;Multidimensional systems;Shape;Time measurement}, 
doi={10.1109/69.908985}, 
ISSN={1041-4347}, 
month={Jan},}

@misc{ wiki:hilbertcurve,
	author = "Wikipedia",
	title = "{Hilbert curves} --- {W}ikipedia{,} The Free Encyclopedia",
	year = "2016",
	howpublished = {\url{https://en.wikipedia.org/wiki/Hilbert_curve}},
	note = "Accessed 30-May-2016"
}

@article{wiki:gridfiles_1,
author = {{Kevin   Sahr  and  Denis   White  and  A. Jon   Kimerling}},
title = {Geodesic Discrete Global Grid Systems},
journal = {Cartography and Geographic Information Science},
volume = {30},
number = {2},
pages = {121-134},
year = {2003},
doi = {10.1559/152304003100011090},
URL = {http://dx.doi.org/10.1559/152304003100011090},
eprint = {http://dx.doi.org/10.1559/152304003100011090}
}
@misc{ wiki:gridfiles,
	author = "Wikipedia",
	title = "{Grid Spatial Index} --- {W}ikipedia{,} The Free Encyclopedia",
	year = "2016",
	howpublished = {\url{https://en.wikipedia.org/wiki/Grid_(spatial_index)}},
	note = "Accessed 30-May-2016"
}

@misc{ wiki:gps,
	author = "Wikipedia",
	title = "{Global Positioning System} --- {W}ikipedia{,} The Free Encyclopedia",
	year = "2016",
	howpublished = {\url{https://en.wikipedia.org/wiki/Global_Positioning_System}},
	note = "Accessed 30-May-2016"
}

@misc{ wiki:spark,
	author = "Wikipedia",
	title = "{Apache Spark} --- {W}ikipedia{,} The Free Encyclopedia",
	year = "2016",
	howpublished = {\url{https://en.wikipedia.org/wiki/Apache_Spark}},
	note = "Accessed 30-May-2016"
}






%  --------------------------- ONLINE PUBLICATIONS --------------------------- 
% 

@article{sparkspeculation,
	author  = {{Aaron Davidson, Andrew Or}}, 
	title   = {Optimizing Shuffle Performance in Spark},
	note    = {UC Berkeley 2013}
}

@misc{partitioningHeather,
	author       = {{Heather Miller}}, 
	title        = {Shuffling, Partitioning, and Closures - Parallel Programming and Data Analysis},
	howpublished = {\url{http://heather.miller.am/teaching/cs212/slides/week20.pdf}},
	month        = 03,
	year         = 2015,
	note         = {Accessed: 2016-05-30}
}

@misc{matuschek_2010,
	 author={{Jan Philip Matuschek}},
	 title={Finding Points Within a Distance of a Latitude/Longitude Using Bounding Coordinates},
	 howpublished = {\url{http://janmatuschek.de/LatitudeLongitudeBoundingCoordinates#Longitude}},
	 note = "Accessed 30-May-2016"
	}
	 	 